<?xml version="1.0" encoding="UTF-8"?>
<record xmlns="http://www.loc.gov/MARC21/slim">
   <leader>02956cam a2200529 a 4500</leader>
   <controlfield tag="001">615378</controlfield>
   <controlfield tag="003">NjP</controlfield>
   <controlfield tag="005">20190705141038.0</controlfield>
   <controlfield tag="008">901205m19899999ir a     b    000 0 ara d</controlfield>
   <datafield tag="024" ind1="7" ind2=" ">
      <subfield code="a">princeton_aco004994</subfield>
      <subfield code="2">local</subfield>
   </datafield>
   <datafield ind1=" " ind2=" " tag="035">
      <subfield code="a">615378</subfield>
   </datafield>
   <datafield ind1=" " ind2=" " tag="040">
      <subfield code="a">NjP</subfield>
      <subfield code="c">PUL</subfield>
      <subfield code="d">PUL</subfield>
   </datafield>
   <datafield ind1=" " ind2=" " tag="020">
      <subfield code="a">9645503698 (set)</subfield>
   </datafield>
   <datafield ind1=" " ind2=" " tag="020">
      <subfield code="a">9789645503695 (set)</subfield>
   </datafield>
   <datafield ind1=" " ind2=" " tag="035">
      <subfield code="a">(CStRLIN)NJPG90-B54739</subfield>
   </datafield>
   <datafield ind1=" " ind2=" " tag="035">
      <subfield code="9">ACV1496TS</subfield>
   </datafield>
   <datafield ind1=" " ind2=" " tag="035">
      <subfield code="a">(NjP)615378</subfield>
   </datafield>
   <datafield ind1=" " ind2=" " tag="049">
      <subfield code="a">PULL</subfield>
   </datafield>
   <datafield ind1=" " ind2=" " tag="035">
      <subfield code="a">(OCoLC)ocm25296847</subfield>
   </datafield>
   <datafield ind1="1" ind2=" " tag="100">
      <subfield code="6">880-01</subfield>
      <subfield code="a">Ṣafāʼī, Aḥmad al-Ḥusaynī al-Khuwānsārī,</subfield>
      <subfield code="d">1874 or 5-1940 or 41.</subfield>
      <subfield code="0">http://id.loc.gov/authorities/names/nr90027967</subfield>
   </datafield>
   <datafield ind1="1" ind2="0" tag="245">
      <subfield code="6">880-02</subfield>
      <subfield code="a">Kashf al-astār ʻan wajh al-kutub wa-al-asfār /</subfield>
      <subfield code="c">taʼlīf Aḥmad al-Ḥusaynī al-Khuwānsārī al-shahīr bi-"al-Ṣafāʼī" ; iʻdād al-Muʼassasah Āl al-Bayt, ʻalayhi al-salām, li-Iḥyāʼ al-Turāth.</subfield>
   </datafield>
   <datafield ind1=" " ind2=" " tag="250">
      <subfield code="6">880-03</subfield>
      <subfield code="a">al-Ṭabʻah 1.</subfield>
   </datafield>
   <datafield ind1=" " ind2=" " tag="260">
      <subfield code="6">880-04</subfield>
      <subfield code="a">Qum :</subfield>
      <subfield code="b">al-Muʼassasah,</subfield>
      <subfield code="c">1409- [1989- ]</subfield>
   </datafield>
   <datafield ind1=" " ind2=" " tag="300">
      <subfield code="a">v. :</subfield>
      <subfield code="b">ill. ;</subfield>
      <subfield code="c">25 cm.</subfield>
   </datafield>
   <datafield ind1="1" ind2=" " tag="490">
      <subfield code="6">880-05</subfield>
      <subfield code="a">Muʼassasah Āl al-Bayt li-Iḥyāʼ al-Turāth ;</subfield>
      <subfield code="v">65, 67, 69-70</subfield>
   </datafield>
   <datafield ind1=" " ind2=" " tag="500">
      <subfield code="a">Title page partially vocalized.</subfield>
   </datafield>
   <datafield ind1=" " ind2=" " tag="504">
      <subfield code="a">Includes bibliographical references.</subfield>
   </datafield>
   <datafield ind1=" " ind2="0" tag="650">
      <subfield code="a">Shiite literature</subfield>
      <subfield code="x">Bibliography.</subfield>
   </datafield>
   <datafield ind1="2" ind2=" " tag="710">
      <subfield code="6">880-06</subfield>
      <subfield code="a">Muʼassasat Āl al-Bayt li-Iḥyāʼ al-Turāth.</subfield>
      <subfield code="0">http://id.loc.gov/authorities/names/n85097993</subfield>
   </datafield>
   <datafield ind1=" " ind2="0" tag="830">
      <subfield code="6">880-07</subfield>
      <subfield code="a">Muʼassasah Āl al-Bayt li-Iḥyāʼ al-Turāth (Series) ;</subfield>
      <subfield code="v">65.</subfield>
   </datafield>
   <datafield ind1=" " ind2="0" tag="830">
      <subfield code="6">880-08</subfield>
      <subfield code="a">Muʼassasat Āl al-Bayt li-Iḥyāʼ al-Turāth (Series) ;</subfield>
      <subfield code="v">67.</subfield>
   </datafield>
   <datafield ind1=" " ind2="0" tag="830">
      <subfield code="6">880-09</subfield>
      <subfield code="a">Muʼassasat Āl al-Bayt li-Iḥyāʼ al-Turāth (Series) ;</subfield>
      <subfield code="v">70.</subfield>
   </datafield>
   <datafield ind1=" " ind2="0" tag="830">
      <subfield code="6">880-10</subfield>
      <subfield code="a">Muʼassasat Āl al-Bayt li-Iḥyāʼ al-Turāth (Series) ;</subfield>
      <subfield code="v">69.</subfield>
   </datafield>
   <datafield ind1="1" ind2=" " tag="880">
      <subfield code="6">100-01/r</subfield>
      <subfield code="a">صفائي، احمد الحسيني الخوانساري،</subfield>
      <subfield code="d">1874 or 5-1940 or 41.</subfield>
   </datafield>
   <datafield ind1="1" ind2="0" tag="880">
      <subfield code="6">245-02/r</subfield>
      <subfield code="a">كشف الاستار عن وجه الكتب والاسفار /</subfield>
      <subfield code="c">تأليف احمد الحسيني الخوانساري الشهير ب"الصفائي" ؛ اعداد المؤسسة آل البيت، عليه السلام، لاحياء التراث.</subfield>
   </datafield>
   <datafield ind1=" " ind2=" " tag="880">
      <subfield code="6">250-03/r</subfield>
      <subfield code="a">الطبعة 1.</subfield>
   </datafield>
   <datafield ind1=" " ind2=" " tag="880">
      <subfield code="6">260-04/r</subfield>
      <subfield code="a">قم :</subfield>
      <subfield code="b">المؤسسة،</subfield>
      <subfield code="c">1409- [1989- ]</subfield>
   </datafield>
   <datafield ind1="1" ind2=" " tag="880">
      <subfield code="6">490-05/r</subfield>
      <subfield code="a">مؤسسة آل البيت لاحياء التراث ؛</subfield>
      <subfield code="v">65، 67، 69-70</subfield>
   </datafield>
   <datafield ind1="2" ind2=" " tag="880">
      <subfield code="6">710-06/r</subfield>
      <subfield code="a">مؤسسة آل البيت لاحياء التراث.</subfield>
   </datafield>
   <datafield ind1=" " ind2="0" tag="880">
      <subfield code="6">830-07/r</subfield>
      <subfield code="a">مؤسسة آل البيت لاحياء التراث (Series) ؛</subfield>
      <subfield code="v">65.</subfield>
   </datafield>
   <datafield ind1=" " ind2="0" tag="880">
      <subfield code="6">830-08/r</subfield>
      <subfield code="a">مؤسسة آل البيت لاحياء التراث (Series) ؛</subfield>
      <subfield code="v">67.</subfield>
   </datafield>
   <datafield ind1=" " ind2="0" tag="880">
      <subfield code="6">830-09/r</subfield>
      <subfield code="a">مؤسسة آل البيت لاحياء التراث (Series) ؛</subfield>
      <subfield code="v">70.</subfield>
   </datafield>
   <datafield ind1=" " ind2="0" tag="880">
      <subfield code="6">830-10/r</subfield>
      <subfield code="a">مؤسسة آل البيت لاحياء التراث (Series) ؛</subfield>
      <subfield code="v">69.</subfield>
   </datafield>
   <datafield ind1=" " ind2=" " tag="998">
      <subfield code="a">11/16/93</subfield>
      <subfield code="s">9114</subfield>
      <subfield code="n">NjP</subfield>
      <subfield code="w">NJPG90B54739</subfield>
      <subfield code="d">12/05/90</subfield>
      <subfield code="c">JEB</subfield>
      <subfield code="b">AUT</subfield>
      <subfield code="i">931116</subfield>
      <subfield code="l">NJPG</subfield>
   </datafield>
   <datafield ind1=" " ind2=" " tag="911">
      <subfield code="a">19931129</subfield>
   </datafield>
   <datafield ind1=" " ind2=" " tag="912">
      <subfield code="a">20000512060219.0</subfield>
   </datafield>
   <datafield ind1=" " ind2=" " tag="994">
      <subfield code="a">C0</subfield>
      <subfield code="b">PUL</subfield>
   </datafield>
   <datafield ind1=" " ind2=" " tag="999">
      <subfield code="a">615378</subfield>
   </datafield>
   <datafield ind1=" " ind2=" " tag="979">
      <subfield code="a">(OCoLC)ocn176035167</subfield>
   </datafield>
   <datafield ind1="0" ind2="1" tag="852">
      <subfield code="0">674860</subfield>
      <subfield code="b">nec</subfield>
      <subfield code="t">1</subfield>
      <subfield code="h">Z7835.M6</subfield>
      <subfield code="i">S23</subfield>
   </datafield>
   <datafield ind1=" " ind2="0" tag="866">
      <subfield code="0">674860</subfield>
      <subfield code="8">0</subfield>
      <subfield code="a">juzʼ 1-juzʼ 6 (published in 1419 [1998])</subfield>
   </datafield>
   <datafield ind1=" " ind2="0" tag="866">
      <subfield code="0">674860</subfield>
      <subfield code="8">0</subfield>
      <subfield code="x">DESIGNATOR: juz</subfield>
   </datafield>
   <datafield ind1=" " ind2="0" tag="866">
      <subfield code="0">674860</subfield>
      <subfield code="x">Complete in 10 v.</subfield>
   </datafield>
   <datafield ind1=" " ind2=" " tag="959">
      <subfield code="a">2000-06-13 00:00:00 -0400</subfield>
   </datafield>
</record>
